<?xml version="1.0" encoding="UTF-8"?>
<marc:collection xmlns:marc="http://www.loc.gov/MARC21/slim" xmlns:xsi="http://www.w3.org/2001/XMLSchema-instance" xsi:schemaLocation="http://www.loc.gov/MARC21/slim http://www.loc.gov/standards/marcxml/schema/MARC21slim.xsd">
   <marc:record type="Bibliographic">
      <marc:leader>02145cam a2200241 a 4500</marc:leader>
      <marc:controlfield tag="001">894590</marc:controlfield>
      <marc:controlfield tag="003">NjP</marc:controlfield>
      <marc:controlfield tag="005">20161026165350.0</marc:controlfield>
      <marc:controlfield tag="008">940621m19879999ir       i    000 0 ara d</marc:controlfield>
      <marc:datafield tag="024" ind1="7" ind2=" ">
         <marc:subfield code="a">princeton_aco001336</marc:subfield>
         <marc:subfield code="2">local</marc:subfield>
      </marc:datafield>
      <marc:datafield tag="035" ind1=" " ind2=" ">
         <marc:subfield code="a">(OCoLC)30704343</marc:subfield>
      </marc:datafield>
      <marc:datafield tag="035" ind1=" " ind2=" ">
         <marc:subfield code="a">(CStRLIN)NJPG94-B35800</marc:subfield>
      </marc:datafield>
      <marc:datafield tag="035" ind1=" " ind2=" ">
         <marc:subfield code="9">CBE8992TS</marc:subfield>
      </marc:datafield>
      <marc:datafield tag="040" ind1=" " ind2=" ">
         <marc:subfield code="a">NjP</marc:subfield>
         <marc:subfield code="c">NjP</marc:subfield>
      </marc:datafield>
      <marc:datafield tag="245" ind1="0" ind2="0">
         <marc:subfield code="a">Fihris aḥādīth Ahl al-Bayt ʻalayhim al-salām /</marc:subfield>
         <marc:subfield code="c">iʻdād Majmaʻ al-Buḥūth al-Islāmīyah.</marc:subfield>
      </marc:datafield>
      <marc:datafield tag="250" ind1=" " ind2=" ">
         <marc:subfield code="a">al-Ṭabʻah 1.</marc:subfield>
      </marc:datafield>
      <marc:datafield tag="260" ind1=" " ind2=" ">
         <marc:subfield code="a">Mashhad, Īrān :</marc:subfield>
         <marc:subfield code="b">Majmaʻ al-Buḥūth al-Islāmīyah,</marc:subfield>
         <marc:subfield code="c">1408- [1987 or 1988- ]</marc:subfield>
      </marc:datafield>
      <marc:datafield tag="300" ind1=" " ind2=" ">
         <marc:subfield code="a">v. ;</marc:subfield>
         <marc:subfield code="c">21 x 26 cm.</marc:subfield>
      </marc:datafield>
      <marc:datafield tag="500" ind1=" " ind2=" ">
         <marc:subfield code="a">Cover title.</marc:subfield>
      </marc:datafield>
      <marc:datafield tag="505" ind1="1" ind2=" ">
         <marc:subfield code="a">al-juzʾ 1. al-Āmālī / lil-Shaykh al-Ṣadūq -- al-juzʾ 2. ʻIlal al-sharāyiʻ / lil-Shaykh al-Ṣadūq -- al-juzʾ 3. Kitāb al-khiṣāl / lil-Shaykh al-Ṣadūq -- al-juzʾ 4. Kamāl al-Dīn / lil-Shaykh al-Ṣadūq -- al-juzʾ 5. ʻUyūn akhbār al-Riḍā / lil-Shaykh al-Ṣadūq -- al-juzʾ 6. al-Tawḥīd / lil-Shaykh al-Ṣadūq -- al-juzʾ 7. Maʻānī al-akhbār / lil-Shaykh al-Ṣadūq -- al-juzʾ 8. Man lā yaḥḍaruhu al-faqīh / lil-Shaykh al-Ṣadūq -- al-juzʾ 9. Thawāb al-aʻmāl wa-ʻiqāb al-aʻmāl / lil-Shaykh al-Ṣadūq -- al-juzʾ 10-14. al-Mawāʻiẓ-Muṣādaqat al-ikhwān-Faḍāʾil al-shīʻah-Ṣifāt al-shīʻah-Faḍāʾil al-ashhur al-thalāthah / lil-Shaykh al-Ṣadūq -- al-juzʾ 15. al-Muqniʻ wa-al-hidāyah / lil-Shaykh al-Ṣadūq -- al-juzʾ 16. al-Ūṣūl min al-Kāfī / lil-Kulaynī al-Rāzī -- al-juzʾ 18. al-Rawḍah min al-Kāfī / lil-Kulaynī al-Rāzī -- al-juzʾ 19-21. al-Āmālī-al-Irshād-al-Ikhtiṣāṣ / lil-Shaykh al-Mufīd -- al-juzʾ 22. al-Istibṣār / lil-Shaykh al-Ṭūsī -- al-juzʾ 24-25. al-Āmālī-al-Ghaybah / lil-Shaykh al-Ṭūsī -- al-juzʾ 27. al-Furūʻ min al-Kāfī / lil-Kulaynī al-Rāzī.</marc:subfield>
      </marc:datafield>
      <marc:datafield tag="650" ind1=" " ind2="0">
         <marc:subfield code="a">Hadith (Shiites)</marc:subfield>
         <marc:subfield code="x">Indexes.</marc:subfield>
      </marc:datafield>
      <marc:datafield tag="710" ind1="2" ind2=" ">
         <marc:subfield code="a">Majmaʻ al-Buḥūth al-Islāmīyah.</marc:subfield>
         <marc:subfield code="0">(uri)http://id.loc.gov/authorities/names/n50042169</marc:subfield>
      </marc:datafield>
      <marc:datafield tag="998" ind1=" " ind2=" ">
         <marc:subfield code="a">07/12/94</marc:subfield>
         <marc:subfield code="s">9114</marc:subfield>
         <marc:subfield code="n">NjP</marc:subfield>
         <marc:subfield code="w">NJPG94B35800</marc:subfield>
         <marc:subfield code="d">06/21/94</marc:subfield>
         <marc:subfield code="c">KC</marc:subfield>
         <marc:subfield code="b">MTL</marc:subfield>
         <marc:subfield code="i">940712</marc:subfield>
         <marc:subfield code="l">NJPG</marc:subfield>
      </marc:datafield>
      <marc:datafield tag="911" ind1=" " ind2=" ">
         <marc:subfield code="a">19940723</marc:subfield>
      </marc:datafield>
      <marc:datafield tag="912" ind1=" " ind2=" ">
         <marc:subfield code="a">19961105041344.0</marc:subfield>
      </marc:datafield>
   </marc:record>
</marc:collection>
